@article{Freuder2014,
  author = {Freuder, Eugene C. and O'Sullivan, Barry},
  title = {Grand Challenges for Constraint Programming},
  journal = {Constraints},
  volume = {19},
  number = {2},
  pages = {150--162},
  publisher = {Springer US},
  year = {2014},
  doi = {10.1007/s10601-013-9155-1},
  issn = {1383-7133}
}

@misc{Naxos,
  author = {Pothitos, Nikolaos},
  title = {\textsc{Naxos Solver}},
  howpublished = {\url{http://github.com/pothitos/naxos}},
  year = {2017}
}

@unpublished{Pothitos2017,
  author = {Pothitos, Nikolaos and Stamatopoulos, Panagiotis},
  title = {Building Search Methods with Self-confidence},
  note = {\url{http://di.uoa.gr/~pothitos/Search_Methods.pdf}, Submitted},
  year = {2017}
}

@inproceedings{Pothitos2012-Scheduling,
  author = {Pothitos, Nikolaos and Stamatopoulos, Panagiotis and Zervoudakis, Kyriakos},
  title = {Course Scheduling in an Adjustable Constraint Propagation Schema},
  booktitle = {ICTAI 2012: 24\textsuperscript{th} IEEE International Conference on Tools with Artificial Intelligence},
  volume = {1},
  pages = {335--343},
  publisher = {IEEE},
  year = {2012},
  issn = {1082-3409},
  doi = {10.1109/ICTAI.2012.53}
}
